<record><leader>00000cas a22000007a 4500</leader><controlfield tag="001">9313629</controlfield><controlfield tag="008">830316d18681895mauwr ne      0    0eng d</controlfield><controlfield tag="009">3768</controlfield><datafield ind1=" " ind2=" " tag="010"><subfield code="a">sn 83020240 </subfield></datafield><datafield ind1=" " ind2=" " tag="040"><subfield code="a">NPX</subfield><subfield code="b">eng</subfield><subfield code="c">NPX</subfield><subfield code="d">NPU</subfield><subfield code="d">NPY</subfield><subfield code="d">MGN</subfield></datafield><datafield ind1=" " ind2=" " tag="042"><subfield code="a">msc</subfield></datafield><datafield ind1="0" ind2=" " tag="130"><subfield code="a">Peabody press (Peabody, Mass. : 1868)</subfield></datafield><datafield ind1="0" ind2="4" tag="245"><subfield code="a">The Peabody press.</subfield></datafield><datafield ind1="1" ind2="0" tag="246"><subfield code="a">Peabody semi-weekly press</subfield></datafield><datafield ind1="1" ind2="0" tag="246"><subfield code="a">Peabody semiweekly press</subfield></datafield><datafield ind1=" " ind2=" " tag="260"><subfield code="a">Peabody, Mass. :</subfield><subfield code="b">Charles D. Howard &amp; Co.,</subfield></datafield><datafield ind1=" " ind2=" " tag="300"><subfield code="a">v.</subfield></datafield><datafield ind1=" " ind2=" " tag="310"><subfield code="a">Weekly,</subfield><subfield code="b">Sept. 6, 1860-1895</subfield></datafield><datafield ind1=" " ind2=" " tag="321"><subfield code="a">Weekly,</subfield><subfield code="b">May 20, 1868-Jan. 18, 1888</subfield></datafield><datafield ind1=" " ind2=" " tag="321"><subfield code="a">Semiweekly,</subfield><subfield code="b">Jan. 25, 1888-Aug. 30, 1890</subfield></datafield><datafield ind1="0" ind2=" " tag="362"><subfield code="a">Vol. 9, no. 20 (May 20, 1868)-v. 36, no. 22 (June 1, 1895).</subfield></datafield><datafield ind1=" " ind2=" " tag="500"><subfield code="a">Published as: Peabody semi-weekly press, June 4, 1890-Aug. 30, 1890.</subfield></datafield><datafield ind1=" " ind2=" " tag="752"><subfield code="a">United States</subfield><subfield code="b">Massachusetts</subfield><subfield code="c">Essex</subfield><subfield code="d">Peabody.</subfield></datafield><datafield ind1="0" ind2="0" tag="780"><subfield code="t">South Danvers wizard</subfield><subfield code="w">(DLC)sn 83020239</subfield></datafield><datafield ind1="0" ind2="5" tag="780"><subfield code="t">Danvers monitor</subfield><subfield code="w">(DLC)sn 83020181</subfield></datafield><datafield ind1="0" ind2="7" tag="785"><subfield code="t">Peabody advertiser</subfield><subfield code="w">(DLC)sn 86071788</subfield></datafield><datafield ind1="0" ind2="7" tag="785"><subfield code="t">Peabody union</subfield><subfield code="w">(DLC)sn 94055879</subfield></datafield></record>